<record><leader>00000cas a2200000 a 4500</leader><controlfield tag="001">18198275</controlfield><controlfield tag="008">880711d19171918wauwr ne      0   a0eng  </controlfield><datafield ind1=" " ind2=" " tag="010"><subfield code="a">sn 88085771 </subfield></datafield><datafield ind1=" " ind2=" " tag="040"><subfield code="a">SLZ</subfield><subfield code="b">eng</subfield><subfield code="c">SLZ</subfield><subfield code="d">OCL</subfield><subfield code="d">OCLCQ</subfield><subfield code="d">ORU</subfield><subfield code="d">DLC</subfield><subfield code="d">OCLCQ</subfield><subfield code="d">OCLCF</subfield><subfield code="d">WAU</subfield></datafield><datafield ind1="0" ind2=" " tag="022"><subfield code="a">2169-608X</subfield><subfield code="2">1</subfield></datafield><datafield ind1=" " ind2=" " tag="042"><subfield code="a">pcc</subfield><subfield code="a">nsdp</subfield></datafield><datafield ind1=" " ind2=" " tag="043"><subfield code="a">n-us-wa</subfield></datafield><datafield ind1="0" ind2="0" tag="050"><subfield code="a">Newspaper</subfield></datafield><datafield ind1="0" ind2="0" tag="082"><subfield code="a">071</subfield><subfield code="2">23</subfield></datafield><datafield ind1="0" ind2=" " tag="130"><subfield code="a">Co-operative news (Everett, Wash.)</subfield></datafield><datafield ind1=" " ind2="4" tag="222"><subfield code="a">The Co-operative news</subfield><subfield code="b">(Everett, Wash. Print)</subfield></datafield><datafield ind1="1" ind2="4" tag="245"><subfield code="a">The Co-operative news.</subfield></datafield><datafield ind1="3" ind2=" " tag="246"><subfield code="a">Cooperative news</subfield></datafield><datafield ind1=" " ind2=" " tag="260"><subfield code="a">Everett, Wash. :</subfield><subfield code="b">Puget Press</subfield></datafield><datafield ind1=" " ind2=" " tag="300"><subfield code="a">v.</subfield></datafield><datafield ind1=" " ind2=" " tag="310"><subfield code="a">Weekly</subfield></datafield><datafield ind1="1" ind2=" " tag="362"><subfield code="a">Began in 1917; ceased in 1918.</subfield></datafield><datafield ind1=" " ind2=" " tag="530"><subfield code="a">Archived issues are available in digital format as part of the Library of Congress Chronicling America online collection.</subfield></datafield><datafield ind1=" " ind2=" " tag="588"><subfield code="a">Description based on: No. 353 (Oct. 25, 1917).</subfield></datafield><datafield ind1=" " ind2=" " tag="588"><subfield code="a">Latest issue consulted: No. 386 (June 20, 1918).</subfield></datafield><datafield ind1=" " ind2="0" tag="651"><subfield code="a">Everett (Wash.)</subfield><subfield code="v">Newspapers.</subfield></datafield><datafield ind1=" " ind2="7" tag="651"><subfield code="a">Washington (State)</subfield><subfield code="z">Everett.</subfield><subfield code="2">fast</subfield><subfield code="0">(OCoLC)fst01213637</subfield></datafield><datafield ind1=" " ind2="7" tag="655"><subfield code="a">Newspapers.</subfield><subfield code="2">fast</subfield><subfield code="0">(OCoLC)fst01423814</subfield></datafield><datafield ind1=" " ind2=" " tag="752"><subfield code="a">United States</subfield><subfield code="b">Washington</subfield><subfield code="c">Snohomish</subfield><subfield code="d">Everett.</subfield></datafield><datafield ind1="1" ind2=" " tag="776"><subfield code="t">Co-operative news (Everett, Wash. : Online)</subfield><subfield code="x">2169-6098</subfield><subfield code="w">(DLC)  2012203876</subfield><subfield code="w">(OCoLC)732734199</subfield></datafield><datafield ind1="1" ind2=" " tag="776"><subfield code="t">Co-operative news (Everett, Wash.)</subfield><subfield code="w">(DLC)  2014252009</subfield><subfield code="w">(OCoLC)42341841</subfield></datafield><datafield ind1="0" ind2="0" tag="780"><subfield code="t">Northwest worker</subfield><subfield code="x">2169-6047</subfield><subfield code="w">(DLC)sn 88085770</subfield><subfield code="w">(OCoLC)18197897</subfield></datafield><datafield ind1="4" ind2="1" tag="856"><subfield code="u">http://www.loc.gov/chroniclingamerica/lccn/sn88085771/issues</subfield></datafield><datafield ind1="1" ind2=" " tag="029"><subfield code="a">AU@</subfield><subfield code="b">000028585159</subfield></datafield></record>